<record><leader>00000cas a22000007a 4500</leader><controlfield tag="001">20179561</controlfield><controlfield tag="008">890815d19481954mouwr ne      0    0eng d</controlfield><datafield ind1=" " ind2=" " tag="010"><subfield code="a">sn 89066924 </subfield></datafield><datafield ind1=" " ind2=" " tag="040"><subfield code="a">MQN</subfield><subfield code="b">eng</subfield><subfield code="c">MQN</subfield><subfield code="d">OCLCQ</subfield></datafield><datafield ind1=" " ind2=" " tag="042"><subfield code="a">msc</subfield></datafield><datafield ind1="0" ind2=" " tag="130"><subfield code="a">News and review (Cuba, Mo.)</subfield></datafield><datafield ind1="1" ind2="4" tag="245"><subfield code="a">The news and review.</subfield></datafield><datafield ind1="3" ind2="0" tag="246"><subfield code="a">News &amp; review</subfield></datafield><datafield ind1="1" ind2="3" tag="246"><subfield code="a">Cuba news and review</subfield></datafield><datafield ind1=" " ind2=" " tag="260"><subfield code="a">Cuba, Mo. :</subfield><subfield code="b">N.O. Jae</subfield></datafield><datafield ind1=" " ind2=" " tag="300"><subfield code="a">v.</subfield></datafield><datafield ind1=" " ind2=" " tag="310"><subfield code="a">Weekly</subfield></datafield><datafield ind1="1" ind2=" " tag="362"><subfield code="a">Began with May 6, 1948 issue? Ceased in 1954?</subfield></datafield><datafield ind1=" " ind2=" " tag="515"><subfield code="a">Continues numbering of: Cuba review (Cuba, Mo.).</subfield></datafield><datafield ind1=" " ind2=" " tag="588"><subfield code="a">Description based on: Vol. 56, no. 43 (July 7, 1949).</subfield></datafield><datafield ind1=" " ind2=" " tag="752"><subfield code="a">United States</subfield><subfield code="b">Missouri</subfield><subfield code="c">Crawford</subfield><subfield code="d">Cuba.</subfield></datafield><datafield ind1="0" ind2="4" tag="780"><subfield code="t">Cuba review (Cuba, Mo.)</subfield><subfield code="w">(DLC)sn 86063309</subfield></datafield><datafield ind1="0" ind2="4" tag="780"><subfield code="t">Cuba news</subfield><subfield code="w">(DLC)sn 89066923</subfield></datafield><datafield ind1="0" ind2="4" tag="785"><subfield code="t">Crawford mirror</subfield><subfield code="w">(DLC)sn 86064001</subfield></datafield></record>